@misc{whatiscuda,
title = {{What is CUDA? An Introduction | The Supercomputing Blog}},
url = {http://supercomputingblog.com/cuda/what-is-cuda-an-introduction/},
urldate = {2020-03-14}
}

@misc{cudaprogrammingguide,
title = {{Programming Guide :: CUDA Toolkit Documentation}},
url = {https://docs.nvidia.com/cuda/cuda-c-programming-guide/},
urldate = {2020-03-14}
}
