@misc{sobel,
title = {{Sobel operator - Wikipedia}},
url = {https://en.wikipedia.org/wiki/Sobel{\_}operator},
urldate = {2020-05-04}
}
